@string{jpe = "Journal of Political Economy"} @string{qje =
"Quarterly Journal of Economics"} @string{aer = "American Economic
Review"} @string{aerpp = "American Economic Association Papers and
Proceedings"} @string{ema = "Econometrica"} @string{jeg = "Journal
of Economic Growth"} @string{ej = "Economic Journal"} @string{jme
= "Journal of Monetary Economics"} @string{jel = "Journal of
Economic Literature"} @string{jep = "Journal of Economic
Perspectives"} @string{restud = "Review of Economic Studies"}
@string{restat = "Review of Economics and Statistics"}
@string{bpea  = "Brookings Papers on Economic Activity"}
@string{rand = "RAND Journal of Economics"} @string{eer  =
"European Economic Review"} @string{jee = "Journal of Evolutionary
Economics"} @string{jeh = "Journal of Economic History"}
@string{conroc = "Carnegie Rochester Conference Series on Public
                  Policy"}

@Article{ho1981,
  author={Ho, Thomas S. Y. and Saunders, Anthony},
  title={The Determinants of Bank Interest Margins: Theory and Empirical Evidence},
  journal={Journal of Financial and Quantitative Analysis},
  year=1981,
  volume={16},
  number={04},
  pages={581-600}
}

@Article{saunders2000,
  author={Saunders, Anthony and Schumacher, Liliana},
  title={The determinants of bank interest rate margins: an international study},
  journal={Journal of International Money and Finance},
  year=2000,
  volume={19},
  number={6},
  pages={813-832},
  month={December}
}

@Article{angbazo1994,
  author={Angbazo, Lazarus},
  title={Commercial bank net interest margins, default risk, interest rate risk, and off-balance sheet banking},
  journal={Journal of Banking and Finance},
  year=1994,
  volume={21},
  number={6},
  pages={55-87}
}

@Article{zarruk1989,
  author={Zarruk, Emilio R.},
  title={Bank spread with uncertain deposit level and risk aversion},
  journal={Journal of Banking \& Finance},
  year=1989,
  volume={13},
  number={6},
  pages={797-810},
  month={December}
}

@Article{wong1997,
  author={Wong, Kit},
  title={On the determinants of bank interest margins under credit and interest rate risks},
  journal={Journal of Banking \& Finance},
  year=1997,
  volume={21},
  number={2},
  pages={251-271},
  month={February}
}

@TechReport{duffee2012,
  author={Gregory R. Duffee},
  title={Forecasting interest rates},
  year=2012,
  month=Jul,
  institution={The Johns Hopkins University,Department of Economics},
  type={Economics Working Paper Archive},
  url={http://ideas.repec.org/p/jhu/papers/599.html},
  number={599}
}

@Book{reinhart,
  author={Carmen M. Reinhart and Kenneth S. Rogoff},
  title={This Time Is Different: Eight Centuries of Financial Folly},
  publisher={Princeton University Press},
  year="2009",
  month={July},
  volume={},
  number={8973},
  series={Economics Books}
}

@TechReport{covas2012,
  author={Franciscko Covas and Ben Rump and Egon Zakrajsek},
  title={Stress-testing U.S. Bank Holding Companies: A Dynamic Panel Quantile Regressions Approach},
  year=2012,
  month=Sep,
  institution={Federal Reserve Board},
}

@TechReport{hirtle2013,
  author={Beverly Hirtle and Anna Kovner and James Vickery},
  title={The Capital and Loss Assessment under Stress Scenarios (CLASS) Model},
  year=2013,
  month=Sep,
  institution={Federal Reserve Bank of New York},
}

@TechReport{english2012,
  author={William B. English and Skander J. Van den Heuvel and Egon Zakrajsek},
  title={Interest rate risk and bank equity valuations},
  year=2012,
  month= May,
  institution={Board of Governors of the Federal Reserve System (U.S.)},
  type={Finance and Economics Discussion Series},
  url={http://ideas.repec.org/p/fip/fedgfe/2012-26.html},
  number={2012-26}
}

@TechReport{english2002,
  author={William B. English},
  title={Interest rate risk and bank net interest margins},
  year=2002,
  month= Dec,
  institution={Bank for International Settlements},
  type={BIS Quarterly Review},
  url={http://ideas.repec.org/p/fip/fedgfe/2012-26.html},
  number={2002-26}
}

@Article{diebold2006,
  author={Diebold, Francis X. and Li, Canlin},
  title={Forecasting the term structure of government bond yields},
  journal={Journal of Econometrics},
  year=2006,
  volume={130},
  number={2},
  pages={337-364},
  month={February}
}